@thesis{Bania1999,
author = {Piotr Bania},
title = {Model i sterowanie magnetyczną lewitacją. {Praca} magisterska},
institution = {AGH Kraków},
year = {1999}
}

@thesis{ReferenceTrackLQR,
author = {Groves et al.},
title = {{Reference Command Tracking for a Linearized Model
of an Air-breathing Hypersonic Vehicle}},
institution = {The Ohio State University
year = {2005}
}

@article{welch2006introduction,
  title={An introduction to the {Kalman} filter},
  author={{G. Welch}, {G. Bishop,}},
  journal={Report instytutowy, University of North Carolina: Chapel Hill, North Carolina, US},
  year={2006}
}

@online{Brett,
author = "Brett Beauregard",	
	title = "Improving the Beginner's PID",
	note = "\url{http://brettbeauregard.com/blog/2011/04/improving-the-beginners-pid-introduction/}
	[Dostęp 04.01.2016]"
}

\end{thebibliography}